@misc{numpyNumPy,
	author = {},
	title = {{N}um{P}y -  --- numpy.org},
	howpublished = {\url{https://numpy.org/}},
	year = {},
	note = {[Accessed 15-12-2024]},
}

@misc{matrixcalcCalculadoraMatrizes,
	author = {},
	title = {{C}alculadora de {M}atrizes --- matrixcalc.org},
	howpublished = {\url{https://matrixcalc.org/pt/}},
	year = {},
	note = {[Accessed 15-12-2024]},
}

@misc{wolframalphaWolframAlphaMaking,
	author = {},
	title = {{W}olfram|{A}lpha: {M}aking the worldâ€™s knowledge computable --- wolframalpha.com},
	howpublished = {\url{https://www.wolframalpha.com/}},
	year = {},
	note = {[Accessed 15-12-2024]},
}

@misc{pythonWelcomePythonorg,
	author = {},
	title = {{W}elcome to {P}ython.org --- python.org},
	howpublished = {\url{https://www.python.org/}},
	year = {},
	note = {[Accessed 15-12-2024]},
}

@misc{gitscm,
	author = {},
	title = {{G}it --- git-scm.com},
	howpublished = {\url{https://git-scm.com/}},
	year = {},
	note = {[Accessed 15-12-2024]},
}

@misc{devdocsDevDocsx2014C,
	author = {},
	title = {{D}ev{D}ocs 2014; {C} documentation --- devdocs.io},
	howpublished = {\url{https://devdocs.io/c/}},
	year = {},
	note = {[Accessed 15-12-2024]},
}

@misc{devdocsDevDocsx2014CPP,
	author = {},
	title = {{D}ev{D}ocs 2014; {C}++ documentation --- devdocs.io},
	howpublished = {\url{https://devdocs.io/cpp/}},
	year = {},
	note = {[Accessed 15-12-2024]},
}